@book{Kutz2013,
	address = {Oxford},
	edition = {First edition},
	title = {Data-driven modeling \& scientific computation: methods for complex systems \& big data},
	isbn = {9780199660339 9780199660346},
	shorttitle = {Data-driven modeling \& scientific computation},
	publisher = {Oxford University Press},
	author = {Kutz, Jose Nathan},
	year = {2013},
	note = {OCLC: ocn858608087},
	keywords = {MATLAB, Science, Data processing, Numerical analysis, Differential equations},
}

@misc{bat_data,
  author       = {Mcintosh, Dawn},
  title        = {Li-ion Battery Aging Datasets},
  howpublished = {"\url{https://c3.nasa.gov/dashlink/resources/133/}"},
  year         = {2010}
}
