@misc{Floyd,
      howpublished={\url{https://www.bigbasstabs.com/pink_floyd_bass_tabs/comfortably_numb_bass_tab.html}},
      title={Bass tablature for Comfortably Numb  by Pink Floyd.}
    }

@misc{GNR,
    howpublished={\url{https://tabs.ultimate-guitar.com/tab/guns-n-roses/sweet-child-o-mine-tabs-12657}},
    title={TAB by Guns Nâ€™ Roses}
    }
