@book{Kutz2013,
	address = {Oxford},
	edition = {First edition},
	title = {Data-driven modeling \& scientific computation: methods for complex systems \& big data},
	isbn = {9780199660339 9780199660346},
	shorttitle = {Data-driven modeling \& scientific computation},
	publisher = {Oxford University Press},
	author = {Kutz, Jose Nathan},
	year = {2013},
	note = {OCLC: ocn858608087},
	keywords = {MATLAB, Science, Data processing, Numerical analysis, Differential equations},
}

@article{scikit-learn,
 title={Scikit-learn: Machine Learning in {P}ython},
 author={Pedregosa, F. and Varoquaux, G. and Gramfort, A. and Michel, V.
         and Thirion, B. and Grisel, O. and Blondel, M. and Prettenhofer, P.
         and Weiss, R. and Dubourg, V. and Vanderplas, J. and Passos, A. and
         Cournapeau, D. and Brucher, M. and Perrot, M. and Duchesnay, E.},
 journal={Journal of Machine Learning Research},
 volume={12},
 pages={2825--2830},
 year={2011}
}
