@book{Kutz2013,
	address = {Oxford},
	edition = {First edition},
	title = {Data-driven modeling \& scientific computation: methods for complex systems \& big data},
	isbn = {9780199660339 9780199660346},
	shorttitle = {Data-driven modeling \& scientific computation},
	publisher = {Oxford University Press},
	author = {Kutz, Jose Nathan},
	year = {2013},
	note = {OCLC: ocn858608087},
	keywords = {MATLAB, Science, Data processing, Numerical analysis, Differential equations},
}

@article{Lynch2002,
  doi = {10.1016/s0020-7462(00)00121-9},
  url = {https://doi.org/10.1016/s0020-7462(00)00121-9},
  year = {2002},
  month = mar,
  publisher = {Elsevier {BV}},
  volume = {37},
  number = {2},
  pages = {345--367},
  author = {Peter Lynch},
  title = {Resonant motions of the three-dimensional elastic pendulum},
  journal = {International Journal of Non-Linear Mechanics}
}